@article{bedell_buchaklian_perlman_2016, title={Efficacy of an Automated Multiple Emitter Whole-Room Ultraviolet-C Disinfection System Against Coronaviruses MHV and MERS-CoV}, volume={37}, DOI={10.1017/ice.2015.348}, number={5}, journal={Infection Control &amp; Hospital Epidemiology}, publisher={Cambridge University Press}, author={Bedell, Kurt and Buchaklian, Adam H. and Perlman, Stanley}, year={2016}, pages={598–599}}

@article{rowan2020unlocking,
  title={Unlocking the surge in demand for personal and protective equipment (PPE) and improvised face coverings arising from coronavirus disease (COVID-19) pandemic--Implications for efficacy, re-use and sustainable waste management},
  author={Rowan, Neil J and Laffey, John G},
  journal={Science of the Total Environment},
  pages={142259},
  year={2020},
  publisher={Elsevier}
}

@article{javaid2020robotics,
  title={Robotics applications in COVID-19: A review},
  author={Javaid, Mohd and Haleem, Abid and Vaish, Abhishek and Vaishya, Raju and Iyengar, Karthikeyan P},
  journal={Journal of Industrial Integration and Management},
  volume={5},
  number={4},
  year={2020}
}






%%methood
@book{pritsker1984introduction,
  title={Introduction to Simulation and SLAM II},
  author={Pritsker, A Alan B},
  year={1984},
  publisher={Halsted Press}
}

@inproceedings{zhang2013application,
  title={The application of multi-sensor information fusion by improved trust degree on slam},
  author={Zhang, Fang and Shen, Changguo and Ren, Xuemei},
  booktitle={2013 5th International Conference on Intelligent Human-Machine Systems and Cybernetics},
  volume={1},
  pages={360--364},
  year={2013},
  organization={IEEE}
}

@inproceedings{bowman2017probabilistic,
  title={Probabilistic data association for semantic slam},
  author={Bowman, Sean L and Atanasov, Nikolay and Daniilidis, Kostas and Pappas, George J},
  booktitle={2017 IEEE international conference on robotics and automation (ICRA)},
  pages={1722--1729},
  year={2017},
  organization={IEEE}
}




@inproceedings{sajjan2020clear,
  title={Clear Grasp: 3D Shape Estimation of Transparent Objects for Manipulation},
  author={Sajjan, Shreeyak and Moore, Matthew and Pan, Mike and Nagaraja, Ganesh and Lee, Johnny and Zeng, Andy and Song, Shuran},
  booktitle={2020 IEEE International Conference on Robotics and Automation (ICRA)},
  pages={3634--3642},
  year={2020},
  organization={IEEE}
}


@ARTICLE{1717783,
  author={R. H. {Taylor}},
  journal={Proceedings of the IEEE}, 
  title={A Perspective on Medical Robotics}, 
  year={2006},
  volume={94},
  number={9},
  pages={1652-1664},
  doi={10.1109/JPROC.2006.880669}}
  
@inproceedings{stentz1995focussed,
  title={The focussed d\^{}* algorithm for real-time replanning},
  author={Stentz, Anthony and others},
  booktitle={IJCAI},
  volume={95},
  pages={1652--1659},
  year={1995}
}

@article{acar2002morse,
  title={Morse decompositions for coverage tasks},
  author={Acar, Ercan U and Choset, Howie and Rizzi, Alfred A and Atkar, Prasad N and Hull, Douglas},
  journal={The international journal of robotics research},
  volume={21},
  number={4},
  pages={331--344},
  year={2002},
  publisher={SAGE Publications Sage UK: London, England}
}


@misc{rb-1robotnik2021, url={https://robotnik.eu/products/mobile-manipulators/rb-1/}, journal={Robotnik}, year={2021} }

@misc{gmbh_2021,
title={Franka Emika},
url={https://www.franka.de/technology/},
journal={Franka.de},
author={GmbH, Franka},
year={2021}
}

@misc{ikeuchi_2021,
url={https://www.ikeuchi.eu/about-us/what-we-offer/},
journal={IKEUCHI},
year={2021}
},


@misc{dji,
url={https://www.dji.com/rs-2?site=brandsite&from=landing_page},
journal={DJI},
year={2021}
},

%% conclusion
@article{FLEMING2018241,
title = {Deployment of a touchless ultraviolet light robot for terminal room disinfection: The importance of audit and feedback},
journal = {American Journal of Infection Control},
volume = {46},
number = {2},
pages = {241-243},
year = {2018},

}


@misc{spreading,
author = {Johns Hopkins Coronavirus resource center},

howpublished = {\url{https://coronavirus.jhu.edu/map.html}}

}

@phdthesis{medicalkansei,
  title={Research on Modeling Design of Medical Disinfection Service Robot},
  author={Lu, Wei},
  year={2019},
}


@article{kansei,
author = { Simon T. W.   Schütte *   and  Jörgen   Eklund  and  Jan R. C.   Axelsson  and  Mitsuo   Nagamachi },
title = {Concepts, methods and tools in Kansei engineering},
journal = {Theoretical Issues in Ergonomics Science},
volume = {5},
number = {3},
pages = {214-231},
year  = {2004},
publisher = {Taylor & Francis},
doi = {10.1080/1463922021000049980},

}


